<?xml version="1.0" encoding="UTF-8"?><record xmlns="http://www.loc.gov/MARC21/slim" xmlns:cinclude="http://apache.org/cocoon/include/1.0" xmlns:zs="http://www.loc.gov/zing/srw/">
  <leader>00423nz  a2200145n  4500</leader>
  <controlfield tag="001">n 2001127230</controlfield>
  <controlfield tag="003">DLC</controlfield>
  <controlfield tag="005">20010306040108.0</controlfield>
  <controlfield tag="008">010306n| acannaabn          |a ana      </controlfield>
  <datafield tag="010" ind1=" " ind2=" ">
    <subfield code="a">n 2001127230</subfield>
  </datafield>
  <datafield tag="035" ind1=" " ind2=" ">
    <subfield code="a">(DNLM)1136819</subfield>
  </datafield>
  <datafield tag="040" ind1=" " ind2=" ">
    <subfield code="a">DNLM</subfield>
    <subfield code="b">eng</subfield>
    <subfield code="c">DNLM</subfield>
  </datafield>
  <datafield tag="110" ind1="2" ind2=" ">
    <subfield code="a">Asociacio패n Colombiana de Infectologi패a</subfield>
  </datafield>
  <datafield tag="410" ind1="2" ind2=" ">
    <subfield code="a">ACIN</subfield>
  </datafield>
  <datafield tag="670" ind1=" " ind2=" ">
    <subfield code="a">Infectio, enero-junio del 2000:</subfield>
    <subfield code="b">t.p. (Asociacio패n Colombiana de Infectologi패a; ACIN)</subfield>
  </datafield>
</record>